% Encoding: windows-1252


@Article{Bahl:1974,
  Title                    = {Optimal Decoding of Linear Codes for Minimizing Symbol Error Rate (Corresp.)},
  Author                   = {Bahl, L. and Cocke, J. and Jelinek, F. and Raviv, J.},
  Journal                  = {IEEE Trans. Inf. Theor.},
  Year                     = {2006},

  Month                    = sep,
  Number                   = {2},
  Pages                    = {284--287},
  Volume                   = {20},

  Acmid                    = {2268652},
  Address                  = {Piscataway, NJ, USA},
  Doi                      = {10.1109/TIT.1974.1055186},
  ISSN                     = {0018-9448},
  Issue_date               = {March 1974},
  Numpages                 = {4},
  Publisher                = {IEEE Press},
  Url                      = {http://dx.doi.org/10.1109/TIT.1974.1055186}
}

@TechReport{Bos2007,
  Title                    = {Long memory modelling of inflation with stochastic variance and structural breaks},
  Author                   = {Bos, Charles S and Koopman, Siem Jan and Ooms, Marius},
  Institution              = {Tinbergen Institute Discussion Paper},
  Year                     = {2007},
  Owner                    = {hrn},
  Timestamp                = {2014.05.21},
  Url                      = {http://www.econstor.eu/handle/10419/86371}
}

@Article{Cajueiro2005,
  Title                    = {Testing for time-varying long-range dependence in volatility for emerging markets},
  Author                   = {Cajueiro, Daniel O and Tabak, Benjamin M},
  Journal                  = {Physica A: Statistical Mechanics and its Applications},
  Year                     = {2005},
  Number                   = {3},
  Pages                    = {577--588},
  Volume                   = {346},
  Owner                    = {hrn},
  Publisher                = {Elsevier},
  Timestamp                = {2014.05.21},
  Url                      = {http://www.sciencedirect.com/science/article/pii/S0378437104010738}
}

@Article{Cajueiro2005a,
  Title                    = {Ranking efficiency for emerging equity markets II},
  Author                   = {Cajueiro, Daniel O and Tabak, Benjamin M},
  Journal                  = {Chaos, Solitons \& Fractals},
  Year                     = {2005},
  Number                   = {2},
  Pages                    = {671--675},
  Volume                   = {23},
  Owner                    = {hrn},
  Publisher                = {Elsevier},
  Timestamp                = {2014.05.21},
  Url                      = {http://www.sciencedirect.com/science/article/pii/S0960077904003066}
}

@Article{Cajueiro2005b,
  Title                    = {Possible causes of long-range dependence in the Brazilian stock market},
  Author                   = {Cajueiro, Daniel O and Tabak, Benjamin M},
  Journal                  = {Physica A: Statistical Mechanics and its Applications},
  Year                     = {2005},
  Number                   = {3},
  Pages                    = {635--645},
  Volume                   = {345},
  Owner                    = {hrn},
  Publisher                = {Elsevier},
  Timestamp                = {2014.05.21},
  Url                      = {http://www.sciencedirect.com/science/article/pii/S0378437104010052}
}

@Article{Cajueiro2007,
  Title                    = {Long-range dependence and multifractality in the term structure of LIBOR interest rates},
  Author                   = {Cajueiro, Daniel O and Tabak, Benjamin M},
  Journal                  = {Physica A: Statistical Mechanics and its Applications},
  Year                     = {2007},
  Pages                    = {603--614},
  Volume                   = {373},
  Owner                    = {hrn},
  Publisher                = {Elsevier},
  Timestamp                = {2014.05.21},
  Url                      = {http://www.sciencedirect.com/science/article/pii/S0378437106004791}
}

@Article{Cajueiro2007a,
  Title                    = {Time-varying long-range dependence in US interest rates},
  Author                   = {Cajueiro, Daniel O and Tabak, Benjamin M},
  Journal                  = {Chaos, Solitons \& Fractals},
  Year                     = {2007},
  Number                   = {2},
  Pages                    = {360--367},
  Volume                   = {34},
  Owner                    = {hrn},
  Publisher                = {Elsevier},
  Timestamp                = {2014.05.21},
  Url                      = {http://www.sciencedirect.com/science/article/pii/S0960077906003377}
}

@Article{Cajueiro2007b,
  Title                    = {Long-range dependence and multifractality in the term structure of LIBOR interest rates},
  Author                   = {Cajueiro, Daniel O and Tabak, Benjamin M},
  Journal                  = {Physica A: Statistical Mechanics and its Applications},
  Year                     = {2007},
  Pages                    = {603--614},
  Volume                   = {373},
  Owner                    = {hrn},
  Publisher                = {Elsevier},
  Timestamp                = {2014.05.21},
  Url                      = {http://www.sciencedirect.com/science/article/pii/S0378437106004791}
}

@Article{Cajueiro2008,
  Title                    = {Testing for long-range dependence in world stock markets},
  Author                   = {Cajueiro, Daniel O and Tabak, Benjamin M},
  Journal                  = {Chaos, Solitons \& Fractals},
  Year                     = {2008},
  Number                   = {3},
  Pages                    = {918--927},
  Volume                   = {37},
  Owner                    = {hrn},
  Publisher                = {Elsevier},
  Timestamp                = {2014.05.21},
  Url                      = {http://www.sciencedirect.com/science/article/pii/S0960077906009532}
}

@Article{Cajueiro2009,
  Title                    = {Multifractality and herding behavior in the Japanese stock market},
  Author                   = {Cajueiro, Daniel O and Tabak, Benjamin M},
  Journal                  = {Chaos, Solitons \& Fractals},
  Year                     = {2009},
  Number                   = {1},
  Pages                    = {497--504},
  Volume                   = {40},
  Owner                    = {hrn},
  Publisher                = {Elsevier},
  Timestamp                = {2014.05.21},
  Url                      = {http://www.sciencedirect.com/science/article/pii/S0960077907006091}
}

@Article{Chen2013,
  Title                    = {Long memory and regime switching properties of current account deficits in the US},
  Author                   = {Chen, Shyh-Wei},
  Journal                  = {Economic Modelling},
  Year                     = {2013},
  Pages                    = {78--87},
  Volume                   = {35},

  Owner                    = {hrn},
  Publisher                = {Elsevier},
  Timestamp                = {2014.04.30},
  Url                      = {http://www.sciencedirect.com/science/article/pii/S0264999313002642}
}

@Article{Chong2001,
  Title                    = {Structural change in AR (1) models},
  Author                   = {Chong, Terence Tai-Leung},
  Journal                  = {Econometric Theory},
  Year                     = {2001},
  Number                   = {01},
  Pages                    = {87--155},
  Volume                   = {17},

  Owner                    = {hrn},
  Publisher                = {Cambridge Univ Press},
  Timestamp                = {2014.04.30},
  Url                      = {http://journals.cambridge.org/abstract_S0266466601171045}
}

@InCollection{Cont2007,
  Title                    = {Volatility clustering in financial markets: empirical facts and agent-based models},
  Author                   = {Cont, Rama},
  Booktitle                = {Long memory in economics},
  Publisher                = {Springer},
  Year                     = {2007},
  Pages                    = {289--309},
  Owner                    = {hrn},
  Timestamp                = {2014.05.21},
  Url                      = {http://link.springer.com/chapter/10.1007/978-3-540-34625-8_10}
}

@Article{Diebold2001,
  Title                    = {Long memory and regime switching},
  Author                   = {Diebold, Francis X and Inoue, Atsushi},
  Journal                  = {Journal of econometrics},
  Year                     = {2001},
  Number                   = {1},
  Pages                    = {131--159},
  Volume                   = {105},

  Owner                    = {hrn},
  Publisher                = {Elsevier},
  Timestamp                = {2014.04.30},
  Url                      = {http://www.sciencedirect.com/science/article/pii/S0304407601000732}
}

@Book{Diebold2001a,
  Title                    = {Long memory and structural change},
  Author                   = {Diebold, Francis X and Inoue, Atsushi},
  Publisher                = {University of Pennsylvania},
  Year                     = {2001},

  Owner                    = {hrn},
  Timestamp                = {2014.04.30}
}

@Article{Ding1993,
  Title                    = {A long memory property of stock market returns and a new model},
  Author                   = {Ding, Zhuanxin and Granger, Clive WJ and Engle, Robert F},
  Journal                  = {Journal of empirical finance},
  Year                     = {1993},
  Number                   = {1},
  Pages                    = {83--106},
  Volume                   = {1},

  Owner                    = {hrn},
  Publisher                = {Elsevier},
  Timestamp                = {2014.05.20},
  Url                      = {http://www.sciencedirect.com/science/article/pii/092753989390006D}
}

@Article{Granger1994,
  Title                    = {Stylized facts on the temporal and distributional properties of daily data from speculative markets},
  Author                   = {Granger, Clive WJ and Ding, Zhuanxin},
  Journal                  = {UCSD Department of Economics Discussion Paper},
  Year                     = {1994},
  Pages                    = {94--19},
  Owner                    = {hrn},
  Timestamp                = {2014.05.21},
  Url                      = {http://papers.ssrn.com/sol3/papers.cfm?abstract_id=5766}
}

@Article{Granger1999,
  Title                    = {Occasional structural breaks and long memory},
  Author                   = {Granger, Clive WJ and Hyung, Namwon},
  Year                     = {1999},

  Owner                    = {hrn},
  Timestamp                = {2014.04.30}
}

@Article{Haldrup2006,
  Title                    = {A regime switching long memory model for electricity prices},
  Author                   = {Haldrup, Niels and Nielsen, Morten Orregaard},
  Journal                  = {Journal of econometrics},
  Year                     = {2006},
  Number                   = {1},
  Pages                    = {349--376},
  Volume                   = {135},

  Owner                    = {hrn},
  Publisher                = {Elsevier},
  Timestamp                = {2014.04.30},
  Url                      = {http://www.sciencedirect.com/science/article/pii/S0304407605001715}
}

@Article{Haldrup2006a,
  Title                    = {Directional congestion and regime switching in a long memory model for electricity prices},
  Author                   = {Haldrup, Niels and Nielsen, Morten {\O}},
  Journal                  = {Studies in nonlinear dynamics and econometrics},
  Year                     = {2006},
  Number                   = {3},
  Pages                    = {1},
  Volume                   = {10},

  Owner                    = {hrn},
  Publisher                = {unknown},
  Timestamp                = {2014.04.30},
  Url                      = {http://www.degruyter.com/dg/viewjournalissue.articlelist.resultlinks.fullcontentlink:pdfeventlink/$002fj$002fsnde.2006.10.3$002fsnde.2006.10.3.1367$002fsnde.2006.10.3.1367.pdf?t:ac=j$002fsnde.2006.10.3$002fissue-files$002fsnde.2006.10.issue-3.xml}
}

@Article{Haldrup2006b,
  Title                    = {A regime switching long memory model for electricity prices},
  Author                   = {Haldrup, Niels and Nielsen, Morten {\O}rregaard},
  Journal                  = {Journal of econometrics},
  Year                     = {2006},
  Number                   = {1},
  Pages                    = {349--376},
  Volume                   = {135},
  Owner                    = {hrn},
  Publisher                = {Elsevier},
  Timestamp                = {2014.05.21},
  Url                      = {http://www.sciencedirect.com/science/article/pii/S0304407605001715}
}

@Article{Haldrup2007,
  Title                    = {Estimation of fractional integration in the presence of data noise},
  Author                   = {Haldrup, Niels and Nielsen, Morten Orregaard},
  Journal                  = {Computational Statistics \& Data Analysis},
  Year                     = {2007},
  Number                   = {6},
  Pages                    = {3100--3114},
  Volume                   = {51},

  Owner                    = {hrn},
  Publisher                = {Elsevier},
  Timestamp                = {2014.04.30},
  Url                      = {http://www.sciencedirect.com/science/article/pii/S0167947306000405}
}

@Article{Hamilton1989,
  Title                    = {A new approach to the economic analysis of nonstationary time series and the business cycle},
  Author                   = {Hamilton, James D},
  Journal                  = {Econometrica: Journal of the Econometric Society},
  Year                     = {1989},
  Pages                    = {357--384},

  Owner                    = {hrn},
  Publisher                = {JSTOR},
  Timestamp                = {2014.04.30}
}

@Article{Hamilton1989a,
  Title                    = {A new approach to the economic analysis of nonstationary time series and the business cycle},
  Author                   = {Hamilton, James D},
  Journal                  = {Econometrica: Journal of the Econometric Society},
  Year                     = {1989},
  Pages                    = {357--384},
  Owner                    = {hrn},
  Publisher                = {JSTOR},
  Timestamp                = {2014.05.21},
  Url                      = {http://www.jstor.org/stable/1912559}
}

@Article{Hamilton1990,
  Title                    = {Analysis of time series subject to changes in regime},
  Author                   = {Hamilton, James D},
  Journal                  = {Journal of econometrics},
  Year                     = {1990},
  Number                   = {1},
  Pages                    = {39--70},
  Volume                   = {45},

  Owner                    = {hrn},
  Publisher                = {Elsevier},
  Timestamp                = {2014.04.30},
  Url                      = {http://www.sciencedirect.com/science/article/pii/0304407690900939}
}

@Article{Hansen2000,
  author =        {Hansen, Bruce E},
  title =         {Sample splitting and threshold estimation},
  journal =       {Econometrica},
  year =          {2000},
  volume =        {68},
  number =        {3},
  pages =         {575--603},
  __markedentry = {[hrn:]},
  publisher =     {Wiley Online Library}
}

@Article{Henry2003,
  Title                    = {The long range dependence paradigm for macroeconomics and finance},
  Author                   = {Henry, Marc and Zaffaroni, Paolo},
  Journal                  = {Theory and applications of long-range dependence},
  Year                     = {2003},
  Pages                    = {417--438},
  Owner                    = {hrn},
  Publisher                = {Birkhauser},
  Timestamp                = {2014.05.22},
  Url                      = {http://books.google.com/books?hl=en&amp;lr=&amp;id=xIrDf3DAnKMC&amp;oi=fnd&amp;pg=PA417&amp;dq=Long+range+dependence+and+stock+returns&amp;ots=xySmW874f0&amp;sig=MY2aXXu_Y75srrZOjC2ivS9vepY}
}

@Article{Kejriwal2010,
  Title                    = {Testing for multiple structural changes in cointegrated regression models},
  Author                   = {Kejriwal, Mohitosh and Perron, Pierre},
  Journal                  = {Journal of Business \& Economic Statistics},
  Year                     = {2010},
  Number                   = {4},
  Pages                    = {503--522},
  Volume                   = {28},

  Owner                    = {hrn},
  Publisher                = {Taylor \& Francis},
  Timestamp                = {2014.04.30},
  Url                      = {http://www.tandfonline.com/doi/abs/10.1198/jbes.2009.07220}
}

@Article{Kejriwal2010a,
  Title                    = {A sequential procedure to determine the number of breaks in trend with an integrated or stationary noise component},
  Author                   = {Kejriwal, Mohitosh and Perron, Pierre},
  Journal                  = {Journal of Time Series Analysis},
  Year                     = {2010},
  Number                   = {5},
  Pages                    = {305--328},
  Volume                   = {31},

  Owner                    = {hrn},
  Publisher                = {Wiley Online Library},
  Timestamp                = {2014.04.30},
  Url                      = {http://onlinelibrary.wiley.com/doi/10.1111/j.1467-9892.2010.00666.x/full}
}

@Article{Kejriwal2013,
  Title                    = {Wald tests for detecting multiple structural changes in persistence},
  Author                   = {Kejriwal, Mohitosh and Perron, Pierre and Zhou, Jing},
  Journal                  = {Econometric Theory},
  Year                     = {2013},
  Number                   = {02},
  Pages                    = {289--323},
  Volume                   = {29},

  Owner                    = {hrn},
  Publisher                = {Cambridge Univ Press},
  Timestamp                = {2014.04.30},
  Url                      = {http://journals.cambridge.org/abstract_S0266466612000357}
}

@Article{Limam2003,
  Title                    = {Is long memory a property of thin stock markets? International evidence using Arab countries},
  Author                   = {Limam, Imed},
  Journal                  = {Review of Middle East Economics and Finance},
  Year                     = {2003},
  Number                   = {3},
  Pages                    = {251--266},
  Volume                   = {1},
  Owner                    = {hrn},
  Publisher                = {Taylor \& Francis},
  Timestamp                = {2014.05.22},
  Url                      = {http://www.tandfonline.com/doi/abs/10.1080/1475368032000158241}
}

@Article{Lobato2000,
  Title                    = {Long memory in stock-market trading volume},
  Author                   = {Lobato, Ignacio N and Velasco, Carlos},
  Journal                  = {Journal of Business \& Economic Statistics},
  Year                     = {2000},
  Number                   = {4},
  Pages                    = {410--427},
  Volume                   = {18},

  Owner                    = {hrn},
  Publisher                = {Taylor \& Francis},
  Timestamp                = {2014.05.20},
  Url                      = {http://www.tandfonline.com/doi/abs/10.1080/07350015.2000.10524881}
}

@TechReport{Lux2004,
  Title                    = {Forecasting volatility and volume in the tokyo stock market: The advantage of long memory models},
  Author                   = {Lux, Thomas and Kaizoji, Taisei},
  Institution              = {Economics working paper/Christian-Albrechts-Universit{\"a}t Kiel, Department of Economics},
  Year                     = {2004},
  Owner                    = {hrn},
  Timestamp                = {2014.05.22},
  Url                      = {http://www.econstor.eu/handle/10419/3244}
}

@Article{Lux2007,
  Title                    = {Forecasting volatility and volume in the Tokyo stock market: Long memory, fractality and regime switching},
  Author                   = {Lux, Thomas and Kaizoji, Taisei},
  Journal                  = {Journal of Economic Dynamics and Control},
  Year                     = {2007},
  Number                   = {6},
  Pages                    = {1808--1843},
  Volume                   = {31},
  Owner                    = {hrn},
  Publisher                = {Elsevier},
  Timestamp                = {2014.05.22},
  Url                      = {http://www.sciencedirect.com/science/article/pii/S0165188907000024}
}

@Article{Perron2006,
  Title                    = {Dealing with structural breaks},
  Author                   = {Perron, Pierre},
  Journal                  = {Palgrave handbook of econometrics},
  Year                     = {2006},
  Pages                    = {278--352},
  Volume                   = {1},

  Owner                    = {hrn},
  Publisher                = {Palgrave Macmillan},
  Timestamp                = {2014.04.30}
}

@Article{Tabak2005,
  Title                    = {The long-range dependence behavior of the term structure of interest rates in Japan},
  Author                   = {Tabak, Benjamin M and Cajueiro, Daniel O},
  Journal                  = {Physica A: Statistical Mechanics and its Applications},
  Year                     = {2005},
  Number                   = {2},
  Pages                    = {418--426},
  Volume                   = {350},
  Owner                    = {hrn},
  Publisher                = {Elsevier},
  Timestamp                = {2014.05.21},
  Url                      = {http://www.sciencedirect.com/science/article/pii/S0378437104014967}
}

@Article{Taqqu1995,
  author =    {Taqqu, Murad S and Teverovsky, Vadim and Willinger, Walter},
  title =     {Estimators for long-range dependence: an empirical study},
  journal =   {Fractals},
  year =      {1995},
  volume =    {3},
  number =    {04},
  pages =     {785--798},
  owner =     {hrn},
  publisher = {World Scientific},
  timestamp = {2014.05.22},
  url =       {http://www.worldscientific.com/doi/abs/10.1142/S0218348X95000692}
}

@Article{Tsay2008,
  author =        {Tsay, Wen-Jen},
  title =         {Analysing inflation by the ARFIMA model with Markov-Switching fractional differencing parameter},
  year =          {2008},
  __markedentry = {[hrn:6]}
}

@Article{Tsay2009,
  Title                    = {A generalized ARFIMA process with Markov-switching fractional differencing parameter},
  Author                   = {Tsay, Wen-Jen and H{\"a}rdle, Wolfgang Karl},
  Journal                  = {Journal of Statistical Computation and Simulation},
  Year                     = {2009},
  Number                   = {5},
  Pages                    = {731--745},
  Volume                   = {79},

  Owner                    = {hrn},
  Publisher                = {Taylor \& Francis},
  Timestamp                = {2014.04.30},
  Url                      = {http://www.tandfonline.com/doi/abs/10.1080/00949650801910239}
}

@TechReport{Tsay2009a,
  Title                    = {Analysing inflation by the ARFIMA model with Markov-Switching fractional differencing parameter},
  Author                   = {Tsay, W},
  Institution              = {Working Paper, The Institute of Economics, Academia Sinica},
  Year                     = {2009},

  Owner                    = {hrn},
  Timestamp                = {2014.04.30}
}

@Article{Willinger1999,
  author =    {Willinger, Walter and Taqqu, Murad S and Teverovsky, Vadim},
  title =     {Stock market prices and long-range dependence},
  journal =   {Finance and stochastics},
  year =      {1999},
  volume =    {3},
  number =    {1},
  pages =     {1--13},
  owner =     {hrn},
  publisher = {Springer},
  timestamp = {2014.05.22},
  url =       {http://link.springer.com/article/10.1007/s007800050049}
}

@Article{Zunino2008,
  Title                    = {A multifractal approach for stock market inefficiency},
  Author                   = {Zunino, L and Tabak, BM and Figliola, A and P{\'e}rez, DG and Garavaglia, M and Rosso, OA},
  Journal                  = {Physica A: Statistical Mechanics and its Applications},
  Year                     = {2008},
  Number                   = {26},
  Pages                    = {6558--6566},
  Volume                   = {387},
  Owner                    = {hrn},
  Publisher                = {Elsevier},
  Timestamp                = {2014.05.21},
  Url                      = {http://www.sciencedirect.com/science/article/pii/S0378437108007462}
}

